<?xml version="1.0" encoding="UTF-8"?><collection xmlns="http://www.loc.gov/MARC21/slim"><record><leader>00370nam--2200133-i-4500</leader><controlfield tag="001">000022760</controlfield><controlfield tag="002">20161230</controlfield><controlfield tag="005">20161230201034</controlfield><controlfield tag="008">060222s1000------------r-----000-0-eng-d</controlfield><datafield ind1=" " ind2=" " tag="080"><subfield code="a">664.31</subfield></datafield><datafield ind1=" " ind2=" " tag="100"><subfield code="a">Hilditch, T.P.And Williams, P.N</subfield></datafield><datafield ind1=" " ind2=" " tag="245"><subfield code="a">The chemical constitution of natural fats. 4th edition</subfield></datafield><datafield ind1=" " ind2=" " tag="260"><subfield code="a">London, Chapman &amp; Hall, 1964, Xv + 745 P</subfield></datafield><datafield ind1=" " ind2=" " tag="852"><subfield code="a">28755</subfield></datafield></record></collection>